@inproceedings{madaan2021loan,
  title={Loan default prediction using decision trees and random forest: A comparative study},
  author={Madaan, Mehul and Kumar, Aniket and Keshri, Chirag and Jain, Rachna and Nagrath, Preeti},
  booktitle={IOP Conference Series: Materials Science and Engineering},
  volume={1022},
  number={1},
  pages={012042},
  year={2021},
  organization={IOP Publishing}
}

@article{zhou2012loan,
  title={Loan default prediction on large imbalanced data using random forests},
  author={Zhou, Lifeng and Wang, Hong},
  journal={TELKOMNIKA Indonesian Journal of Electrical Engineering},
  volume={10},
  number={6},
  pages={1519--1525},
  year={2012},
  publisher={Institute of Advanced Engineering and Science}
}

@inproceedings{lai2020loan,
  title={Loan default prediction with machine learning techniques},
  author={Lai, Lili},
  booktitle={2020 International Conference on Computer Communication and Network Security (CCNS)},
  pages={5--9},
  year={2020},
  organization={IEEE}
}

@article{bayraci2019deep,
  title={A Deep Neural Network (DNN) based classification model in application to loan default prediction},
  author={Bayraci, Sel{\c{c}}uk and Susuz, Orkun and others},
  journal={Theoretical and Applied Economics},
  volume={4},
  number={621},
  pages={75--84},
  year={2019},
  publisher={Asociatia Generala a Economistilor din Romania-AGER}
}